
@article {Rolletschek15,
	author = {Rolletschek, Hardy and Grafahrend-Belau, Eva and Munz, Eberhard and Radchuk, Volodymyr and Kart{\"a}usch, Ralf and Tschiersch, Henning and Melkus, Gerd and Schreiber, Falk and Jakob, Peter M. and Borisjuk, Ljudmilla},
	title = {Metabolic Architecture of the Cereal Grain and Its Relevance to Maximize Carbon Use Efficiency},
	volume = {169},
	number = {3},
	pages = {1698--1713},
	year = {2015},
	doi = {10.1104/pp.15.00981},
	publisher = {American Society of Plant Biologists},
	issn = {0032-0889},
	eprint = {http://www.plantphysiol.org/content/169/3/1698.full.pdf},
	journal = {Plant Physiology}
}

@article{Trick12,
  doi =          {10.1186/1471-2229-12-14},
  url =          {https://doi.org/10.1186/1471-2229-12-14},
  year =         {2012},
  publisher =    {Springer Nature},
  volume =       {12},
  number =       {1},
  pages =        {14},
  author =       {Martin Trick and Nikolai Adamski and Sarah G Mugford
                  and Cong-Cong Jiang and Melanie Febrer and Cristobal
                  Uauy},
  title =        {Combining {SNP} discovery from next-generation
                  sequencing data with bulked segregant analysis
                  ({BSA}) to fine-map genes in polyploid wheat},
  journal =      {{BMC} Plant Biology}
}


@article{Abdelmoula19,
	title = {Automatic 3D {Nonlinear} {Registration} of {Mass} {Spectrometry} {Imaging} and {Magnetic} {Resonance} {Imaging} {Data}},
	volume = {91},
	issn = {0003-2700, 1520-6882},
	url = {http://pubs.acs.org/doi/10.1021/acs.analchem.9b00854},
	doi = {10.1021/acs.analchem.9b00854},
	language = {en},
	number = {9},
	urldate = {2019-06-13},
	journal = {Analytical Chemistry},
	author = {Abdelmoula, Walid M. and Regan, Michael S. and Lopez, Begona G. C. and Randall, Elizabeth C. and Lawler, Sean and Mladek, Ann C. and Nowicki, Michal O. and Marin, Bianca M. and Agar, Jeffrey N. and Swanson, Kristin R. and Kapur, Tina and Sarkaria, Jann N. and Wells, William and Agar, Nathalie Y. R.},
	month = may,
	year = {2019},
	pages = {6206--6216}
}

@article{Fanuel18,
	title = {Distribution of cell wall hemicelluloses in the wheat grain endosperm: a 3D perspective},
	volume = {248},
	issn = {1432-2048},
	url = {https://doi.org/10.1007/s00425-018-2980-0},
	doi = {10.1007/s00425-018-2980-0},
	number = {6},
	journal = {Planta},
	author = {Fanuel, Mathieu and Ropartz, David and Guillon, Fabienne and Saulnier, Luc and Rogniaux, Hélène},
	month = dec,
	year = {2018},
	pages = {1505--1513}
}


@incollection{Tadesse16,
  doi =          {10.1016/b978-0-12-802000-5.00002-2},
  url =
                  {https://doi.org/10.1016%2Fb978-0-12-802000-5.00002-2},
  year =         2016,
  publisher =    {Elsevier},
  pages =        {81--124},
  author =       {Wuletaw Tadesse and Ahmad Amri and Francis.C.
                  Ogbonnaya and Miguel Sanchez-Garcia and Quahir
                  Sohail and Michael Baum},
  title =        {Wheat},
  booktitle =    {Genetic and Genomic Resources for Grain Cereals
                  Improvement}
}

@Misc{FAO11,
  Title =        {{FAOSTAT: Wheat, the largest primary commodity}},
  Author =       {FAO},
  Year =         {2014},
  Url =          {http://faostat3.fao.org/download/FB/FBS/E},
  lastvisited =      {2019-07-08}
}

@article{Velikovi14,
  doi = {10.1093/jxb/eru065},
  url = {https://doi.org/10.1093/jxb/eru065},
  year = {2014},
  month = mar,
  publisher = {Oxford University Press ({OUP})},
  volume = {65},
  number = {8},
  pages = {2079--2091},
  author = {Du{\v{s}}an Veli{\v{c}}kovi{\'{c}} and David Ropartz and Fabienne Guillon and Luc Saulnier and H{\'{e}}l{\`{e}}ne Rogniaux},
  title = {New insights into the structural and spatial variability of cell-wall polysaccharides during wheat grain development,  as revealed through {MALDI} mass spectrometry imaging},
  journal = {Journal of Experimental Botany}
}

@article{Rosicka15,
  author =       {Rosicka, Justyna and Komisarczyk, Aleksandra and
                  Nebesny, Ewa and Makowski, Bartłomiej},
  year =         {2015},
  month =        {10},
  pages =        {},
  title =        {The influence of arabinoxylans on the quality of
                  grain industry products},
  volume =       {242},
  journal =      {European Food Research and Technology},
  doi =          {10.1007/s00217-015-2549-0}
}

@Article{Yang2009,
  author =       "Yang, Chao and He, Zengyou and Yu, Weichuan",
  title =        "Comparison of public peak detection algorithms for
                  MALDI mass spectrometry data analysis",
  journal =      "BMC Bioinformatics",
  year =         "2009",
  month =        "Jan",
  day =          "06",
  volume =       "10",
  number =       "1",
  pages =        "4",
  issn =         "1471-2105",
  doi =          "10.1186/1471-2105-10-4",
  url =          "https://doi.org/10.1186/1471-2105-10-4"
}


@article{Alexandrov11,
	title = {Efficient spatial segmentation of large imaging mass spectrometry datasets with spatially aware clustering},
	volume = {27},
	issn = {1367-4803},
	url = {https://www.ncbi.nlm.nih.gov/pmc/articles/PMC3117346/},
	doi = {10.1093/bioinformatics/btr246},
	number = {13},
	urldate = {2019-06-03},
	journal = {Bioinformatics},
	author = {Alexandrov, Theodore and Kobarg, Jan Hendrik},
	month = jul,
	year = {2011},
	pmid = {21685075},
	pmcid = {PMC3117346},
	pages = {i230--i238},
	file = {Texte intégral:C\:\\Users\\fgrelard\\Zotero\\storage\\QTI32PM7\\Alexandrov et Kobarg - 2011 - Efficient spatial segmentation of large imaging ma.pdf:application/pdf}
}

@article{Levenberg44,
  doi = {10.1090/qam/10666},
  url = {https://doi.org/10.1090/qam/10666},
  year = {1944},
  month = jul,
  publisher = {American Mathematical Society ({AMS})},
  volume = {2},
  number = {2},
  pages = {164--168},
  author = {Kenneth Levenberg},
  title = {A method for the solution of certain non-linear problems in least squares},
  journal = {Quarterly of Applied Mathematics}
}

@article{Marquardt63,
  doi = {10.1137/0111030},
  url = {https://doi.org/10.1137/0111030},
  year = {1963},
  month = jun,
  publisher = {Society for Industrial {\&} Applied Mathematics ({SIAM})},
  volume = {11},
  number = {2},
  pages = {431--441},
  author = {Donald W. Marquardt},
  title = {An Algorithm for Least-Squares Estimation of Nonlinear Parameters},
  journal = {Journal of the Society for Industrial and Applied Mathematics}
}

@inproceedings{Buades05,
  doi = {10.1109/cvpr.2005.38},
  url = {https://doi.org/10.1109/cvpr.2005.38},
  publisher = {{IEEE}},
  author = {A. Buades and B. Coll and J.-M. Morel},
  title = {A Non-Local Algorithm for Image Denoising},
  booktitle = {2005 {IEEE} Computer Society Conference on Computer Vision and Pattern Recognition}
}


@article{Bjarnason13,
	title = {Temporal phase correction of multiple echo {T}2 magnetic resonance images},
	volume = {231},
	issn = {10907807},
	url = {https://linkinghub.elsevier.com/retrieve/pii/S1090780713000761},
	doi = {10.1016/j.jmr.2013.02.019},
	language = {en},
	urldate = {2019-05-10},
	journal = {Journal of Magnetic Resonance},
	author = {Bjarnason, Thorarin A. and Laule, Cornelia and Bluman, Joel and Kozlowski, Piotr},
	month = jun,
	year = {2013},
	pages = {22--31},
	file = {Bjarnason et al. - 2013 - Temporal phase correction of multiple echo T2 magn.pdf:C\:\\Users\\fgrelard\\Zotero\\storage\\KSJZHFLT\\Bjarnason et al. - 2013 - Temporal phase correction of multiple echo T2 magn.pdf:application/pdf}
}

@incollection{Wiest08,
	address = {Berlin, Heidelberg},
	title = {Rician {Noise} {Removal} by {Non}-{Local} {Means} {Filtering} for {Low} {Signal}-to-{Noise} {Ratio} {MRI}: {Applications} to {DT}-{MRI}},
	volume = {5242},
	isbn = {978-3-540-85989-5 978-3-540-85990-1},
	shorttitle = {Rician {Noise} {Removal} by {Non}-{Local} {Means} {Filtering} for {Low} {Signal}-to-{Noise} {Ratio} {MRI}},
	url = {http://link.springer.com/10.1007/978-3-540-85990-1_21},
	urldate = {2019-05-10},
	booktitle = {Medical {Image} {Computing} and {Computer}-{Assisted} {Intervention}  {MICCAI} 2008},
	publisher = {Springer Berlin Heidelberg},
	author = {Wiest-Daesslé, Nicolas and Prima, Sylvain and Coupé, Pierrick and Morrissey, Sean Patrick and Barillot, Christian},
	editor = {Metaxas, Dimitris and Axel, Leon and Fichtinger, Gabor and Székely, Gábor},
	year = {2008},
	doi = {10.1007/978-3-540-85990-1_21},
	pages = {171--179}
}

@article{Giraud17,
  TITLE = {{SuperPatchMatch: an Algorithm for Robust Correspondences using Superpixel Patches}},
  AUTHOR = {Giraud, R{\'e}mi and Ta, Vinh-Thong and Bugeau, Aur{\'e}lie and Coup{\'e}, Pierrick and Papadakis, Nicolas},
  URL = {https://hal.archives-ouvertes.fr/hal-01432116},
  JOURNAL = {{IEEE Transactions on Image Processing}},
  PUBLISHER = {{Institute of Electrical and Electronics Engineers}},
  YEAR = {2017},
  DOI = {10.1109/TIP.2017.2708504},
  KEYWORDS = {Patch-based method ; PatchMatch ; Labeling ; Superpixels ; Segmentation},
  PDF = {https://hal.archives-ouvertes.fr/hal-01432116/file/Giraud_TIP_SPM.pdf},
  HAL_ID = {hal-01432116},
  HAL_VERSION = {v3},
}

@article{Gasser86,
  doi = {10.1093/biomet/73.3.625},
  url = {https://doi.org/10.1093/biomet/73.3.625},
  year = {1986},
  publisher = {Oxford University Press ({OUP})},
  volume = {73},
  number = {3},
  pages = {625--633},
  author = {Theo Gasser and Lothar Sroka and Christine Jennen-Steinmetz},
  title = {Residual variance and residual pattern in nonlinear regression},
  journal = {Biometrika}
}

@inproceedings{Mattes01,
  doi = {10.1117/12.431046},
  url = {https://doi.org/10.1117/12.431046},
  year = {2001},
  month = jul,
  publisher = {{SPIE}},
  author = {David Mattes and David R. Haynor and Hubert Vesselle and Thomas K. Lewellyn and William Eubank},
  editor = {Milan Sonka and Kenneth M. Hanson},
  title = {Nonrigid multimodality image registration},
  booktitle = {Medical Imaging 2001: Image Processing}
}

@article{Donoho94,
  doi = {10.1093/biomet/81.3.425},
  url = {https://doi.org/10.1093/biomet/81.3.425},
  year = {1994},
  month = sep,
  publisher = {Oxford University Press ({OUP})},
  volume = {81},
  number = {3},
  pages = {425--455},
  author = {David L Donoho and Iain M Johnstone},
  title = {Ideal spatial adaptation by wavelet shrinkage},
  journal = {Biometrika}
}

@incollection{Cuel14,
  doi = {10.1007/978-3-319-09955-2_12},
  url = {https://doi.org/10.1007/978-3-319-09955-2_12},
  year = {2014},
  publisher = {Springer Berlin Heidelberg},
  pages = {134--149},
  author = {Louis Cuel and Jacques-Olivier Lachaud and Boris Thibert},
  title = {Voronoi-Based Geometry Estimator for 3D Digital Surfaces},
  booktitle = {Advanced Information Systems Engineering}
}

@article{Frey07,
  doi = {10.1126/science.1136800},
  url = {https://doi.org/10.1126/science.1136800},
  year = {2007},
  month = feb,
  publisher = {American Association for the Advancement of Science ({AAAS})},
  volume = {315},
  number = {5814},
  pages = {972--976},
  author = {B. J. Frey and D. Dueck},
  title = {Clustering by Passing Messages Between Data Points},
  journal = {Science}
}

@book{Wiley90,
  doi = {10.1002/9780470316801},
  url = {https://doi.org/10.1002/9780470316801},
  year = {1990},
  month = mar,
  publisher = {John Wiley {\&} Sons,  Inc.},
  editor = {Leonard Kaufman and Peter J. Rousseeuw},
  title = {Finding Groups in Data}
}

@article{Buchberger17,
  doi = {10.1021/acs.analchem.7b04733},
  url = {https://doi.org/10.1021/acs.analchem.7b04733},
  year = {2017},
  month = dec,
  publisher = {American Chemical Society ({ACS})},
  volume = {90},
  number = {1},
  pages = {240--265},
  author = {Amanda Rae Buchberger and Kellen DeLaney and Jillian Johnson and Lingjun Li},
  title = {Mass Spectrometry Imaging: A Review of Emerging Advancements and Future Insights},
  journal = {Analytical Chemistry}
}


@article{Meng16,
	title = {Dimension reduction techniques for the integrative analysis of multi-omics data},
	volume = {17},
	issn = {1467-5463, 1477-4054},
	url = {https://academic.oup.com/bib/article-lookup/doi/10.1093/bib/bbv108},
	doi = {10.1093/bib/bbv108},
	language = {en},
	number = {4},
	urldate = {2019-07-22},
	journal = {Briefings in Bioinformatics},
	author = {Meng, Chen and Zeleznik, Oana A. and Thallinger, Gerhard G. and Kuster, Bernhard and Gholami, Amin M. and Culhane, Aedín C.},
	month = jul,
	year = {2016},
	pages = {628--641},
	file = {Texte intégral:C\:\\Users\\fgrelard\\Zotero\\storage\\PRN7IKLF\\Meng et al. - 2016 - Dimension reduction techniques for the integrative.pdf:application/pdf}
}


@article{Meng14,
	title = {A multivariate approach to the integration of multi-omics datasets},
	volume = {15},
	issn = {1471-2105},
	url = {http://bmcbioinformatics.biomedcentral.com/articles/10.1186/1471-2105-15-162},
	doi = {10.1186/1471-2105-15-162},
	language = {en},
	number = {1},
	urldate = {2019-07-31},
	journal = {BMC Bioinformatics},
	author = {Meng, Chen and Kuster, Bernhard and Culhane, Aedín C and Gholami, Amin},
	year = {2014},
	pages = {162},
	file = {Texte intégral:C\:\\Users\\fgrelard\\Zotero\\storage\\75KM3ZFZ\\Meng et al. - 2014 - A multivariate approach to the integration of mult.pdf:application/pdf}
}

@article{Chessel96,
     author = {Chessel, D. and Hanafi, Mohamed},
     title = {Analyses de la co-inertie de $K$ nuages de points},
     journal = {Revue de Statistique Appliqu\'ee},
     publisher = {Soci\'et\'e de Statistique de France},
     volume = {44},
     number = {2},
     year = {1996},
     pages = {35-60},
     language = {fr},
     url = {http://www.numdam.org/item/RSA_1996__44_2_35_0}
}

@book{Modersitzki09,
 author = {Modersitzki, Jan},
 title = {Fair: Flexible Algorithms for Image Registration},
 year = {2009},
 isbn = {089871690X, 9780898716900},
 publisher = {Society for Industrial and Applied Mathematics},
 address = {Philadelphia, PA, USA},
}

@article{Deininger_2011,
        doi = {10.1007/s00216-011-4929-z},
        url = {https://doi.org/10.1007%2Fs00216-011-4929-z},
        year = 2011,
        month = {apr},
        publisher = {Springer Science and Business Media {LLC}},
        volume = {401},
        number = {1},
        pages = {167--181},
        author = {Sören-Oliver Deininger and Dale S. Cornett and Rainer Paape and Michael Becker and Charles Pineau and Sandra Rauser and Axel Walch and Eryk Wolski},
        title = {Normalization in {MALDI}-{TOF} imaging datasets of proteins: practical considerations},
        journal = {Analytical and Bioanalytical Chemistry}
}

@article{Faloutsos_1995,
        doi = {10.1145/568271.223812},
        url = {https://doi.org/10.1145%2F568271.223812},
        year = 1995,
        month = {may},
        publisher = {Association for Computing Machinery ({ACM})},
        volume = {24},
        number = {2},
        pages = {163--174},
        author = {Christos Faloutsos and King-Ip Lin},
        title = {{FastMap}},
        journal = {SIGMOD Rec.}
}

@incollection{Parisot_2012,
  doi =          {10.1007/978-3-642-33418-4_80},
  url =          {https://doi.org/10.1007%2F978-3-642-33418-4_80},
  year =         2012,
  publisher =    {Springer Berlin Heidelberg},
  pages =        {651--658},
  author =       {Sarah Parisot and Hugues Duffau and St{\'{e}}phane
                  Chemouny and Nikos Paragios},
  title =        {Joint Tumor Segmentation and Dense Deformable
                  Registration of Brain {MR} Images},
  booktitle =    {Medical Image Computing and Computer-Assisted
                  Intervention {\textendash} {MICCAI} 2012}
}

@article{Kruger_2020,
  doi =          {10.1016/j.cviu.2019.102839},
  url =          {https://doi.org/10.1016\%2Fj.cviu.2019.102839},
  year =         2020,
  month =        {jan},
  publisher =    {Elsevier {BV}},
  volume =       {190},
  pages =        {102839},
  author =       {Julia Kr{\"u}ger and Sandra Schultz and Heinz
                  Handels and Jan Ehrhardt},
  title =        {Registration with probabilistic correspondences
                  {\textemdash} Accurate and robust registration for
                  pathological and inhomogeneous medical data},
  journal =      {Computer Vision and Image Understanding}
}

@incollection{Chen_2015,
  doi =          {10.1007/978-3-319-18461-6\_29},
  url =          {https://doi.org/10.1007\%2F978-3-319-18461-6\_29},
  year =         2015,
  publisher =    {Springer International Publishing},
  address =      {Heidelberg},
  pages =        {360--371},
  author =       {Kanglin Chen and Alexander Derksen and Stefan
                  Heldmann and Marc Hallmann and Benjamin Berkels},
  title =        {Deformable Image Registration with Automatic
                  Non-Correspondence Detection},
  booktitle =    {Lecture Notes in Computer Science}
}

@article{Ou_2011,
  doi =          {10.1016/j.media.2010.07.002},
  url =          {https://doi.org/10.1016%2Fj.media.2010.07.002},
  year =         2011,
  month =        {aug},
  publisher =    {Elsevier {BV}},
  volume =       {15},
  number =       {4},
  pages =        {622--639},
  author =       {Yangming Ou and Aristeidis Sotiras and Nikos
                  Paragios and Christos Davatzikos},
  title =        {{DRAMMS}: Deformable registration via attribute
                  matching and mutual-saliency weighting},
  journal =      {Medical Image Analysis}
}

@inproceedings{Richard_2004,
  doi =          {10.1109/icpr.2004.1333856},
  url =          {https://doi.org/10.1109%2Ficpr.2004.1333856},
  year =         2004,
  publisher =    {{IEEE}},
  author =       {F.J.P. Richard},
  title =        {A new approach for the registration of images with
                  inconsistent differences},
  booktitle =    {Proceedings of the 17th International Conference on
                  Pattern Recognition, 2004. {ICPR} 2004.}
}